@article{1,
  author    = {Christian Szegedy and
               Wei Liu and
               Yangqing Jia and
               Pierre Sermanet and
               Scott E. Reed and
               Dragomir Anguelov and
               Dumitru Erhan and
               Vincent Vanhoucke and
               Andrew Rabinovich},
  title     = {Going Deeper with Convolutions},
  journal   = {CoRR},
  volume    = {abs/1409.4842},
  year      = {2014},
  url       = {http://arxiv.org/abs/1409.4842},
  archivePrefix = {arXiv},
  eprint    = {1409.4842},
  timestamp = {Wed, 07 Jun 2017 14:40:42 +0200},
  biburl    = {https://dblp.org/rec/bib/journals/corr/SzegedyLJSRAEVR14},
  bibsource = {dblp computer science bibliography, https://dblp.org}
}
@article{2,
  author    = {Min Lin and
               Qiang Chen and
               Shuicheng Yan},
  title     = {Network In Network},
  journal   = {CoRR},
  volume    = {abs/1312.4400},
  year      = {2013},
  url       = {http://arxiv.org/abs/1312.4400},
  archivePrefix = {arXiv},
  eprint    = {1312.4400},
  timestamp = {Thu, 08 Mar 2018 00:36:29 +0100},
  biburl    = {https://dblp.org/rec/bib/journals/corr/LinCY13},
  bibsource = {dblp computer science bibliography, https://dblp.org}
}
@article{ms,
  author    = {R{\'{e}}mi Cad{\`{e}}ne and
               Nicolas Thome and
               Matthieu Cord},
  title     = {Master's Thesis : Deep Learning for Visual Recognition},
  journal   = {CoRR},
  volume    = {abs/1610.05567},
  year      = {2016},
  url       = {http://arxiv.org/abs/1610.05567},
  archivePrefix = {arXiv},
  eprint    = {1610.05567},
  timestamp = {Wed, 07 Jun 2017 14:43:07 +0200},
  biburl    = {https://dblp.org/rec/bib/journals/corr/CadeneTC16},
  bibsource = {dblp computer science bibliography, https://dblp.org}
}
@article{course,
	
	author=" Andrej Karpathy",
	title=	"{ CS231n: Convolutional Neural Networks for Visual Recognition}",
	year=	"2016",
	url = "http://cs231n.github.io",
	part = "module 1 - Neural Networks and module 2 - Convolutional Neural Network"
	

}
@article{conv,
	
	author=" Andrej Karpathy",
	title=	"{ CS231n: Convolutional Neural Networks for Visual Recognition}",
	year=	"2016",
	url = "http://cs231n.github.io/convolutional-networks/#layers",
	part = "convolutional layers"
	

}
@article{transfer,
	
	author=" Andrej Karpathy",
	title=	"{ CS231n: Convolutional Neural Networks for Visual Recognition}",
	year=	"2016",
	url = "http://cs231n.github.io/transfer-learning/",
	part = "transfer learning"

}
@article{visual,
  author    = {Matthew D. Zeiler and
               Rob Fergus},
  title     = {Visualizing and Understanding Convolutional Networks},
  journal   = {CoRR},
  volume    = {abs/1311.2901},
  year      = {2013},
  url       = {http://arxiv.org/abs/1311.2901},
  archivePrefix = {arXiv},
  eprint    = {1311.2901},
  timestamp = {Wed, 07 Jun 2017 14:40:45 +0200},
  biburl    = {https://dblp.org/rec/bib/journals/corr/ZeilerF13},
  bibsource = {dblp computer science bibliography, https://dblp.org}
}

@article{overview,
	
	author=" Andrej Karpathy",
	title=	"{ CS231n: Convolutional Neural Networks for Visual Recognition}",
	year=	"2016",
	url = "http://cs231n.github.io/convolutional-networks/",
	part = "CNN overview"
	

}
@article{arch,
	
	author=" Andrej Karpathy",
	title=	"{ CS231n: Convolutional Neural Networks for Visual Recognition}",
	year=	"2016",
	url = "http://cs231n.github.io/convolutional-networks/",
	part = "CNN architecture"
	

}

@inbook{dl,
    title={Deep Learning},
    author={Ian Goodfellow and Yoshua Bengio and Aaron Courville},
    publisher={MIT Press},
    note={\url{http://www.deeplearningbook.org}},
    chapter={6,9},
    year={2016}
}

@article{tf,
	author="tensorflow.org",
	title="{Tensorflow programmer guide}",
	url="https://www.tensorflow.org/programmers_guide/",
	date="2017-20-12",
	organization="Google.Inc"
}

@article{bottlenecks,
	
	author="tensorflow.org",
	title=	"{ Image retraining}",
	url = "https://www.tensorflow.org/tutorials/image_retraining",
	organization="Google.Inc"

}
@inbook{hadoop-def,
    title = {Hadoop: The Defnitive Guide},
    author = {Tom White},
    publisher = {O'reilly Media},
    chapter={3},
    pages="43--54",
    keywords = {HDFS Conceps}
}

@online{img-neuron,
	title= "Neuron Image",
	author= "Quasar Jarosz at English Wikipedia",
	url= " https://en.wikipedia.org/wiki/Neuron#/media/File:Neuron_Hand-tuned.svg ",
	keywords = "neuron"
}

@online{img-perceptron,
	title= "Perceptron image",
	author= "	Chrislb",
	url= " https://en.wikipedia.org/wiki/Neuron#/media/File:Neuron_Hand-tuned.svg ",
	keywords = "perceptron, neural"
}

@online{ffnn-img,
	title= "MultiLayer Neural Network",
	author= "Chrislb",
	url= " https://commons.wikimedia.org/wiki/File:MultiLayerNeuralNetworkBigger_english.png",
	keywords = "MultiLayer Neural Network"
}
@article{conv-layer,
	title= "Convolutional layer",
	author= "Michael Nielsen",
	url= " http://neuralnetworksanddeeplearning.com/chap1.html",
	keywords = "Convolutional"
}
@online{img-input,
	title= "Image for convolution operation",
	author= "Siraj Raval",
	url= " https://github.com/llSourcell/Convolutional_neural_network",
	keywords = "Convolutional operation"
}
@online{img-pool,
	title= "Image for Max pooling",
	author= "Aphex34",
	url= "https://commons.wikimedia.org/wiki/File:Max_pooling.png",
	keywords = "Max pooling"
}

@article{Gao,
author = {Gao, Yunxing and Dong, Jiwen},
keywords = {convolutional neural network,deep learning,medical image,super-resolution},
pages = {1--11},
title = {{A Deep Convolutional Network for Traffic Congestion Classification}}
}

	








